@BOOK{czy15,
	AUTHOR = {Czycholl, Gerd},
	YEAR = {2015},
	TITLE = {Theoretische Festkörperphysik Band 1 - Grundlagen: Phononen und Elektronen in Kristallen},
	EDITION = {4. Aufl.},
	ISBN = {978-3-662-47141-8},
	PUBLISHER = {Springer-Verlag},
	ADDRESS = {Berlin Heidelberg New York},
}

@MISC{qhe,
	AUTHOR = {Belke ?, Christopher},
	TITLE = {Untersuchung des integralen Quanten-Hall-Effektes},
	ADDRESS = {Leibniz Universität Hannover}
}

@ONLINE{wiki-fg,
	AUTHOR = {Wikipedia},
	TITLE = {Fermi gas},
	EDITION = {Abgerufen am 06.01.2019},
	URL = {https://en.wikipedia.org/wiki/Fermi_gas}
}

@ONLINE{wiki-he,
	AUTHOR = {Wikipedia},
	TITLE = {Hall-Effekt},
	EDITION = {Abgerufen am 06.01.2019},
	URL = {https://de.wikipedia.org/wiki/Hall-Effekt}
}
